@misc{3dr-pixhawk,
title = {{3DR Pixhawk}},
author = {{3D Robotics}},
year = {2015},
howpublished = "\url{http://3drobotics.com/pixhawk/}"
}
@misc{3dr-tower,
title = {{Tower (DroidPlanner 3)}},
author = {{3D Robotics}},
year = {2015},
howpublished = "\url{https://play.google.com/store/apps/details?id=org.droidplanner.android}"
}
@misc{MPlanner,
title = {{Mission Planner}},
author = {{ArduPilot Community}},
year = {2015},
howpublished = "\url{http://planner.ardupilot.com/}"
}
@misc{MAVProxy,
title = {MAVProxy},
author = {{Andrew Tridgel}},
year = {2011},
howpublished = "\url{https://github.com/tridge/MAVProxy}"
}
@misc{MAVLink,
title = {{MAVLink}},
author = {{ArduPilot Community}},
year = {2011},
howpublished = "\url{https://github.com/mavlink/mavlink}"
}
@misc{ardupilot,
title = {{ArduPilot}},
author = {{DIY Drones team}},
year = {2015},
howpublished = "\url{http://ardupilot.com/}"
}
@misc{Tan,
author = {{Jeremy Tan}},
year = {{2015}},
howpublished = "\url{https://github.com/jtanx/}"
}
@misc{Downing,
author = {{Brett Downing}},
year = {{2015}},
howpublished = "\url{https://github.com/brettrd/}"
}
@misc{Mohanty,
author = {{Manish Mohanty}},
year = {{2015}},
howpublished = "\url{https://github.com/manishmohanty09}"
}
@misc{Allen,
author = {{Richard Allen}},
year = {{2015}},
howpublished = "\url{https://github.com/20739367}"
}
@article{OConnor,
author = {{R. OConnor}},
title = {Developing A Multicopter Uav Platform To Carry Out Research Into Autonomous Behaviours, Using On-board Image Processing Techniques},
year = {{2013}},
howpublished = "\url{http://robotics.ee.uwa.edu.au/theses/2013-Multirotor-OConnor.pdf}"
}
@article{Venables,
author = {{C. Venables}},
title = {Multirotor Unmanned Aerial Vehicle Autonomous Operation in an Industrial Environment using On-board Image Processing},
year = {{2013}},
howpublished = "\url{http://robotics.ee.uwa.edu.au/theses/2013-Multirotor-Venables.pdf}"
}
@article{Baxter,
author = {{M. Baxter}},
title = {Autonomous Hexacopter Software Design},
year = {{2014}},
howpublished = "\url{http://robotics.ee.uwa.edu.au/theses/2014-Hexacopter-GPS-Baxter.pdf}"
}
@article{Mazur,
author = {{A. Mazur}},
title = {Autonomous operation and control of a Multirotor Unmanned Aerial Vehicle through 4G LTE using onboard GPS and image processing},
year = {{2014}},
howpublished = "\url{http://robotics.ee.uwa.edu.au/theses/2014-Hexacopter-Interface-Mazur.pdf}"
}
@article{Targhagh,
author = {{O. Targhagh}},
title = {Autonomous Navigation of Unmanned Aerial Vehicles},
year = {{2014}},
howpublished = "\url{http://robotics.ee.uwa.edu.au/theses/2014-Hexacopter-Navigation-Targhagh.pdf}"
}
@misc{OutbackChallenge,
title = {UAV Ouback Challenge},
howpublished = "\url{http://www.uavoutbackchallenge.com.au/}"
}
@misc{canberrauav,
title = {Open Source Civilian UAV Development},
author = {Chris Anderson},
year = {2012},
howpublished = "\url{http://canberrauav.org.au/}"
}
@misc{canberrauav-2012,
title = {{CanberraUAV} ({ArduPlane}) wins {Outback Challenge}!},
author = {Chris Anderson},
year = {2012},
howpublished = "\url{http://diydrones.com/profiles/blogs/canberrauav-arduplane-wins-outback-challenge}"
}
@misc{canberrauav-2014,
title = {Congratulations {Canberra UAV}, stunning {Outback Challenge} win},
author = {Gary Mortimer},
year = {2014},
howpublished = "\url{http://diydrones.com/profiles/blogs/congratulations-canberra-uav-stunning-outback-challenge-win}"
}
@misc{Tridge,
title = {{2012 UAV Outback Challenge}},
author = {{Andrew Tridgel}},
address = {Make Hack Void, Canberra},
organization = {CanberraUAV},
year = {2013},
howpublished = {{Personal discussion at Make-Hack-Void following Linux Conf Canberra}}
}
@misc{Lily,
title = {{Lily - The Camera That Follows You}},
year = {2015},
howpublished = "\url{https://www.lily.camera/}"
}
@misc{AirDog,
title = {{Auto-Follow Drone for GoPro Camera}},
year = {2015},
howpublished = "\url{https://www.airdog.com/}"
}
@misc{RopeAccess,
title = {{UAV Inspection}},
year = {2015},
howpublished = "\url{http://www.ropeaccess-wa.com/unmanned-aerial-vehicle-inspection/}"
}
@misc{DIYDrones,
title = {{DIY Drones Online Community}},
howpublished = "\url{http://diydrones.com/}"
}
@misc{RCGroups,
title = {{RC-Groups online community}},
howpublished = "\url{http://www.rcgroups.com/}"
}
@manual{manNAZA,
title = {{DJI NAZA lite user manual}},
year = {2013},
howpublished = "\url{http://download.dji-innovations.com/downloads/naza-m%20lite/en/NAZA-M%20LITE_User_Manual_v2.00_en.pdf}"
}
@misc{NAZArev,
title = {{DJI NAZA GPS communication protocol - NazaDecoder Arduino library}},
author = {{RC-Groups online community}},
year = {2013},
howpublished = "\url{http://www.rcgroups.com/forums/showthread.php?t=1995704}"
}
@misc{ServoBlaster,
title = {{ServoBlaster source code}},
howpublished = "\url{https://github.com/richardghirst/PiBits/tree/master/ServoBlaster}"
}
@article{InsectFlowMethods,
title = {{A contribution to vision-based autonomous helicopter flight in urban environments}},
year = {2004},
author = {Murateta , Laurent and Doncieuxa , Stephane and Briereb , Yves and Meyera, Jean-Arcady },
journal = {Robotics and Autonomous Systems},
volume = {50},
month = {March},
pages = {195â€“209}
}
@article{stereoUnc,
title = {{Error modeling in stereo navigation}},
year = {1987},
author = {Matthies, L. and Shafer, S.A.},
journal = {IEEE Journal Of Robotics And Automation},
volume = {3},
month = {June},
pages = {239-248}
}
@inproceedings{optoAlt,
title = {{A robotic aircraft that follows terrain using a neuromorphic eye}},
year = {2002},
booktitle = {IEEE/RSJ International Conference on Intelligent Robots and Systems},
author = {Netter, Thomas and Franceschini, Nicolas}
}
@mastersthesis{RemTerrain,
title = {Remote Terrain Navigation For Unmanned Air Vehicles},
author = {Stephen Griffiths},
school = {Brigham Young University},
year = {2006}
}
@misc{FlowRot,
author = {Jonghyuk Kim and Galen Brambley},
title = {Dual Optic-flow Integrated Navigation for Small-scale Flying Robots},
year = {}
}
@misc{ArduFlow,
title = {Documentation for the installation of optical flow sensors on the Ardupilot},
howpublished = "\url{http://copter.ardupilot.com/wiki/common-optional-hardware/common-optical-flow-sensors-landingpage/common-mouse-based-optical-flow-sensor-adns3080/}"
}
@article{kim2007real,
  title={{Real-time implementation of airborne inertial-SLAM}},
  author={Kim, Jonghyuk and Sukkarieh, Salah},
  journal={Robotics and Autonomous Systems},
  volume={55},
  number={1},
  pages={62--71},
  year={2007},
  publisher={Elsevier}
}
@article{Agrawal,
  title={{FrameSLAM: From bundle adjustment to real-time visual mapping}},
  author={Konolige, Kurt and Agrawal, Motilal},
  journal={Robotics, IEEE Transactions on},
  volume={24},
  number={5},
  pages={1066-1077},
  year={2008},
  publisher={IEEE}
}
@article{Blas,
  title={{SLAM for Dummies}},
  author={{Riisgaard, S{\o}ren and Blas, Morten Rufus}},
  journal={A Tutorial Approach to Simultaneous Localization and Mapping},
  volume={22},
  number={1-127},
  pages={126},
  year={2003}
}
@article{grisetti2010tutorial,
  title={{A tutorial on graph-based SLAM}},
  author={Grisetti, Giorgio and Kummerle, Rainer and Stachniss, Cyrill and Burgard, Wolfram},
  journal={Intelligent Transportation Systems Magazine, IEEE},
  volume={2},
  number={4},
  pages={31--43},
  year={2010},
  publisher={IEEE}
}
@article{scaramuzza2011visual,
  title={{Visual odometry [tutorial]}},
  author={Scaramuzza, Davide and Fraundorfer, Friedrich},
  journal={Robotics \& Automation Magazine, IEEE},
  volume={18},
  number={4},
  pages={80--92},
  year={2011},
  publisher={IEEE}
}
@article{longuet1987computer,
  title={{A computer algorithm for reconstructing a scene from two projections}},
  author={Longuet-Higgins, H Christopher},
  journal={Readings in Computer Vision: Issues, Problems, Principles, and Paradigms, MA Fischler and O. Firschein, eds},
  pages={61--62},
  year={1987}
}
@misc{Motherboard,
title = {{This Iranian Drone Is a Better Lifeguard Than David Hasselhoff}},
year = {2014},
howpublished = "\url{http://motherboard.vice.com/read/this-iranian-drone-is-a-better-lifeguard-than-david-hasselhoff}"
}
@misc{UWAnews,
title = {{The farmer takes a drone}},
year = {2014},
howpublished = "\url{http://www.news.uwa.edu.au/201504147483/research/farmer-takes-drone}"
}
@article{Dijkstra,
  title={A note on two problems in connexion with graphs},
  author={Dijkstra, Edsger W},
  journal={Numerische mathematik},
  volume={1},
  number={1},
  pages={269--271},
  year={1959},
  publisher={Springer}
}
